@PhdThesis{weaver:phd,
  author =       {Weaver, Matthew},
  title =        {{B}icubical {D}irected {T}ype {T}heory},
  school =       {Princeton University},
  year =         {2024},
  url =          {http://arks.princeton.edu/ark:/88435/dsp017s75dg778}
}

@article{ahrens:2023,
  title =        {Bicategorical type theory: semantics and syntax},
  volume =       33,
  ISSN =         {1469-8072},
  DOI =          {10.1017/s0960129523000312},
  number =       10,
  journal =      {Mathematical Structures in Computer Science},
  publisher =    {Cambridge University Press (CUP)},
  author =       {Ahrens, Benedikt and North, Paige Randall and van der Weide, Niels},
  year =         2023,
  month =        10,
  pages =        {868–912}
}

@article{annenkov:2023,
  title =     {Two-level type theory and applications},
  author =    {Annenkov, Danil and Capriotti, Paolo and Kraus, Nicolai and Sattler, Christian},
  journal =   {Mathematical Structures in Computer Science},
  volume =    {33},
  number =    {8},
  pages =     {688--743},
  year =      {2023},
  publisher = {Cambridge University Press},
  doi =       {10.1017/S0960129523000130}
}

@misc{bardomiano:2021,
  title =        {Limits and colimits of synthetic $\infty$-categories},
  author =       {Bardomiano Mart\'{i}nez, C\'{e}sar},
  eprint =       {2202.12386},
  year =         2022,
  primaryClass={math.CT},
  archivePrefix ={arXiv}
}

@misc{bardomiano:2024e,
      title={Exponentiable functors between synthetic $\infty$-categories},
      author={César Bardomiano-Martínez},
      year={2024},
      eprint={2407.18072},
      archivePrefix={arXiv},
      primaryClass={math.CT}
}

@Misc{kavvos:directed:2019,
  author =       {Kavvos, G.A.},
  title =        {A quantum of direction},
  howpublished = {Online},
  year =         2019,
  url =          {https://seis.bristol.ac.uk/~tz20861/papers/meio.pdf},
}

@article{licata:2011,
  title =        {2-Dimensional Directed Type Theory},
  volume =       276,
  ISSN =         {1571-0661},
  url =          {http://dx.doi.org/10.1016/j.entcs.2011.09.026},
  DOI =          {10.1016/j.entcs.2011.09.026},
  journal =      {Electronic Notes in Theoretical Computer Science},
  publisher =    {Elsevier BV},
  author =       {Licata, Daniel R. and Harper, Robert},
  year =         2011,
  month =        09,
  pages =        {263–289}
}

@inproceedings{licata:2016,
  title =        {Adjoint {Logic} with a 2-{Category} of {Modes}},
  booktitle =    {Logical {Foundations} of {Computer} {Science}},
  publisher =    {Springer International Publishing},
  author =       {Licata, Daniel R. and Shulman, Michael},
  editor =       {Artemov, Sergei and Nerode, Anil},
  year =         2016,
  pages =        {219--235},
  doi =          {10.1007/978-3-319-27683-0_16}
}

@inproceedings{licata:2017,
  series =       {Leibniz {International} {Proceedings} in {Informatics} ({LIPIcs})},
  title =        {A {Fibrational} {Framework} for {Substructural} and {Modal} {Logics}},
  volume =       84,
  doi =          {10.4230/LIPIcs.FSCD.2017.25},
  booktitle =    {2nd {International} {Conference} on {Formal} {Structures} for {Computation} and
                  {Deduction} ({FSCD} 2017)},
  publisher =    {Schloss Dagstuhl–Leibniz-Zentrum fuer Informatik},
  author =       {Licata, Daniel R. and Shulman, Michael and Riley, Mitchell},
  editor =       {Miller, Dale},
  year =         2017,
  pages =        {25:1--25:22},
}

@article{north:2018,
title = {Towards a Directed Homotopy Type Theory},
journal = {Electronic Notes in Theoretical Computer Science},
volume = {347},
pages = {223-239},
year = {2019},
note = {Proceedings of the Thirty-Fifth Conference on the Mathematical Foundations of Programming Semantics},
issn = {1571-0661},
doi = {https://doi.org/10.1016/j.entcs.2019.09.012},
author = {Paige Randall North}
}

@inproceedings{nuyts:2018,
  author =       {Nuyts, Andreas and Devriese, Dominique},
  title =        {Degrees of Relatedness: A Unified Framework for Parametricity, Irrelevance, Ad Hoc
                  Polymorphism, Intersections, Unions and Algebra in Dependent Type Theory},
  booktitle =    {Proceedings of the 33rd Annual ACM/IEEE Symposium on Logic in Computer Science},
  series =       {LICS '18},
  year =         2018,
  doi =          {10.1145/3209108.3209119},
  acmid =        3209119,
  publisher =    {ACM},
}

@Misc{nuyts:2020,
  author =       {Nuyts, Andreas},
  title =        {A Vision for Natural Type Theory},
  howpublished = {Online},
  url =          {https://anuyts.github.io/files/nattt-vision.pdf},
  year =         2020,
}


@Misc{warren:2013,
  author =       {Warren, Michael},
  title =        {Directed type theory},
  howpublished = {Online},
  url =          {https://www.ias.edu/video/univalent/1213/0410-MichaelWarren},
  month =        04,
  year =         2013,
  note =         {Seminar talk},
}


@inproceedings{weaver:2020,
  series =       {LICS ’20},
  title =        {A Constructive Model of Directed Univalence in Bicubical Sets},
  DOI =          {10.1145/3373718.3394794},
  booktitle =    {Proceedings of the 35th Annual ACM/IEEE Symposium on Logic in Computer Science},
  publisher =    {ACM},
  author =       {Weaver, Matthew Z. and Licata, Daniel R.},
  year =         2020,
  month =        jul,
  collection =   {LICS ’20}
}

@misc{weinberger:2022,
  url =          {https://arxiv.org/abs/2203.07194},
  author =       {Weinberger, Jonathan},
  title =        {Strict stability of extension types},
  publisher =    {arXiv},
  year =         2022,
  copyright =    {Creative Commons Attribution 4.0 International}
}

@PhdThesis{weinberger:phd,
  author =       {Weinberger, Jonathan},
  title =        {A Synthetic Perspective on $(\infty,1)$-Category Theory: Fibrational and Semantic
                  Aspects},
  school =       {Technische Universit{\"a}t Darmstadt},
  year =         2022,
  doi =          {10.26083/tuprints-00020716}
}

@misc{weinberger:chevalley:2024,
  title =        {Generalized Chevalley criteria in simplicial homotopy type theory},
  author =       {Jonathan Weinberger},
  year =         {2024},
  eprint =       {2403.08190},
  archivePrefix = {arXiv},
  primaryClass = {math.CT},
}

@article{weinberger:sums:2024,
  title =        {Internal sums for synthetic fibered $(\infty,1)$-categories},
  volume =       228,
  ISSN =         {0022-4049},
  DOI =          {10.1016/j.jpaa.2024.107659},
  number =       9,
  journal =      {Journal of Pure and Applied Algebra},
  publisher =    {Elsevier BV},
  author =       {Weinberger, Jonathan},
  year =         2024,
  month =        09,
  pages =        107659
}

@misc{wellen:2018,
  title =        {Cartan Geometry in Modal Homotopy Type Theory},
  author =       {Felix Wellen},
  year =         2018,
  eprint =       {1806.05966},
  archivePrefix ={arXiv},
  primaryClass = {math.DG}
}
